@inproceedings{fastspeech,
 author = {Ren, Yi and Ruan, Yangjun and Tan, Xu and Qin, Tao and Zhao, Sheng and Zhao, Zhou and Liu, Tie-Yan},
 title = {{FastSpeech}: Fast, Robust and Controllable Text to Speech},
 booktitle = {NeurIPS},
 year = {2019},
}