@inproceedings{attention2015,
  author    = {Minh-Thang Luong and Hieu Pham and Christopher D. Manning},
  title     = {Effective Approaches to Attention-based Neural Machine Translation},
  year      = {2015}
}

@inproceedings{alsulami2017,
author = {Alsulami, B. and Dauber, E. and Harang, R. and Mancoridis, S. and Greenstadt, R.},
year = {2017},
title = {Source Code Authorship Attribution Using Long Short-Term Memory Based Networks}
}

@INPROCEEDINGS{kothari2007, 
author={J. Kothari and M. Shevertalov and E. Stehle and S. Mancoridis}, 
title={A Probabilistic Approach to Source Code Authorship Identification}, 
year={2007}
}

@inproceedings{frantzeskou2006,
 author = {Frantzeskou, G. and Stamatatos, Efstathios and Gritzalis, Stefanos and Katsikas, Sokratis},
 title = {Effective Identification of Source Code Authors Using Byte-level Information},
 year = {2006}
}

@inproceedings{caliskan2015,
  title={De-anonymizing programmers via code stylometry},
  author={Caliskan-Islam, A. and Harang, Richard and Liu, Andrew and Narayanan, Arvind and Voss, Clare and Yamaguchi, Fabian and Greenstadt, Rachel},
  year={2015}
}

@inproceedings{alon2018code2vec,
  title={code2vec: Learning Distributed Representations of Code},
  author={Alon, U. and Zilberstein, Meital and Levy, Omer and Yahav, Eran},
  year={2018}
}

@inproceedings{alsulami2017source,
  title={Source Code Authorship Attribution Using Long Short-Term Memory Based Networks},
  author={Alsulami, B. and Dauber, Edwin and Harang, Richard and Mancoridis, Spiros and Greenstadt, Rachel},
  year={2017},
}

@inproceedings{alon2018general,
  title={A general path-based representation for predicting program properties},
  author={Alon, U. and Zilberstein, Meital and Levy, Omer and Yahav, Eran},
  year={2018}
}

@inproceedings{rosenblum2011,
 author = {Rosenblum, N. and Zhu, Xiaojin and Miller, Barton P.},
 title = {Who Wrote This Code? Identifying the Authors of Program Binaries},
 year = {2011}
} 

@inproceedings{bandara2013,
 author = {Bandara, U. and Wijayarathna, Gamini},
 title = {Source Code Author Identification with Unsupervised Feature Learning},
 year = {2013},
} 

@inproceedings{yang2017,
  title={Authorship attribution of source code by using back propagation neural network based on particle swarm optimization},
  author={Yang, X. and Xu, G and Li, Q and Guo, Y and Zhang, M},
  year={2017}
}
@inproceedings{Tai2015,
    title = "Improved Semantic Representations From Tree-Structured Long Short-Term Memory Networks",
    author = "Tai, K. S.  and
      Socher, Richard  and
      Manning, Christopher D.",
    booktitle = "Proceedings of the 53rd Annual Meeting of the Association for Computational Linguistics and the 7th International Joint Conference on Natural Language Processing (Volume 1: Long Papers)",
    year = "2015"
}
@inproceedings{Kennedy1995, 
author={J. {Kennedy} and R. {Eberhart}}, 
title={Particle swarm optimization}, 
year={1995}
}
@inproceedings{msr2019,
author = {Kovalenko, Vladimir and Bogomolov, Egor and Bryksin, Timofey and Bacchelli, Alberto},
title = {PathMiner: A Library for Mining of Path-Based Representations of Code},
year = {2019},
}
  
